@article{kim2022skincare,
  title={Skincare device product design based on factor analysis of Korean anthropometric data},
  author={Kim, Tae-Won and Lee, Chun-Hee and Min, Hye-Jin and Kim, Da-Du and Kim, Dong-Hun and Park, Sang-Yong and Kim, Hyun-Woong},
  journal={Cosmetics},
  volume={9},
  number={2},
  pages={42},
  year={2022},
  publisher={MDPI}
}
@article{zhang2020impact,
  title={The impact of routine skin care on the quality of life},
  author={Zhang, Lixia and Adique, Aldhel and Sarkar, Pradipta and Shenai, Vinay and Sampath, Murali and Lai, Ricky and Qi, Joanna and Wang, Macia and Farage, Miranda A},
  journal={Cosmetics},
  volume={7},
  number={3},
  pages={59},
  year={2020},
  publisher={MDPI}
}
@article{Song2022beautydevice,
    author = {Song},
    title = {Rising Demand for 'Beauty Devices' in the United States, Even Influencing Beauty Tech},
    journal = {Cosmetics},
    year =  {2022},
    publisher = {KOTRA}
}
@inproceedings{novac2017comparative,
  title={Comparative study of Google Android, Apple iOS and Microsoft Windows phone mobile operating systems},
  author={Novac, Ovidiu Constantin and Novac, Mihaela and Gordan, Cornelia and Berczes, Tamas and Bujdos{\'o}, Gy{\"o}ngyi},
  booktitle={2017 14th international conference on engineering of modern electric systems (EMES)},
  pages={154--159},
  year={2017},
  organization={IEEE}
}
@article{stallings2005windows,
  title={The Windows Operating System},
  author={Stallings, William},
  journal={Operating Systems: Internals and Design Principles},
  year={2005}
}
@book{sherry2013foundation,
  title={Foundation Mac OS X Web Development},
  author={Sherry, Phil},
  year={2013},
  publisher={Apress}
}
@online{velog-git,
  title = {What is Git? - Velog},
  author = {hxyxneee},
  year = {2021},
  url = {https://velog.io/@hxyxneee/git\%EC\%9D\%B4\%EB\%9E\%80-\%EB\%AC\%B4\%EC\%97\%87\%}
}