@article{kim2022skincare,
  title={Skincare device product design based on factor analysis of Korean anthropometric data},
  author={Kim, Tae-Won and Lee, Chun-Hee and Min, Hye-Jin and Kim, Da-Du and Kim, Dong-Hun and Park, Sang-Yong and Kim, Hyun-Woong},
  journal={Cosmetics},
  volume={9},
  number={2},
  pages={42},
  year={2022},
  publisher={MDPI}
}
@article{zhang2020impact,
  title={The impact of routine skin care on the quality of life},
  author={Zhang, Lixia and Adique, Aldhel and Sarkar, Pradipta and Shenai, Vinay and Sampath, Murali and Lai, Ricky and Qi, Joanna and Wang, Macia and Farage, Miranda A},
  journal={Cosmetics},
  volume={7},
  number={3},
  pages={59},
  year={2020},
  publisher={MDPI}
}
@article{Song2022beautydevice,
    author = {Song},
    title = {Rising Demand for 'Beauty Devices' in the United States, Even Influencing Beauty Tech},
    journal = {Cosmetics},
    year =  {2022},
    publisher = {KOTRA}
}